<record><leader>00000cas a22000007a 4500</leader><controlfield tag="001">20789325</controlfield><controlfield tag="008">891215d18891892mnuwr ne      0    0eng d</controlfield><datafield ind1=" " ind2=" " tag="010"><subfield code="a">sn 89064747 </subfield></datafield><datafield ind1=" " ind2=" " tag="040"><subfield code="a">MN#</subfield><subfield code="b">eng</subfield><subfield code="c">MN#</subfield><subfield code="d">OCLCQ</subfield><subfield code="d">OCLCF</subfield><subfield code="d">OCLCO</subfield></datafield><datafield ind1=" " ind2=" " tag="042"><subfield code="a">msc</subfield></datafield><datafield ind1=" " ind2=" " tag="043"><subfield code="a">n-us-mn</subfield></datafield><datafield ind1=" " ind2=" " tag="052"><subfield code="a">4144</subfield><subfield code="b">R46</subfield></datafield><datafield ind1=" " ind2=" " tag="052"><subfield code="a">4143</subfield><subfield code="b">R5</subfield></datafield><datafield ind1="0" ind2="4" tag="245"><subfield code="a">The Renville star.</subfield></datafield><datafield ind1=" " ind2=" " tag="260"><subfield code="a">Renville, Renville County, Minn. :</subfield><subfield code="b">Dowling &amp; Spencer</subfield></datafield><datafield ind1=" " ind2=" " tag="300"><subfield code="a">v.</subfield></datafield><datafield ind1=" " ind2=" " tag="310"><subfield code="a">Weekly</subfield></datafield><datafield ind1="1" ind2=" " tag="362"><subfield code="a">Began Apr. 12, 1889; ceased in Sept. 1892.</subfield></datafield><datafield ind1=" " ind2=" " tag="530"><subfield code="a">Available on microfilm from the Minnesota Historical Society.</subfield></datafield><datafield ind1=" " ind2=" " tag="588"><subfield code="a">Description based on: Vol. 1, no. 2 (Apr. 19, 1889).</subfield></datafield><datafield ind1=" " ind2="0" tag="651"><subfield code="a">Renville (Minn.)</subfield><subfield code="v">Newspapers.</subfield></datafield><datafield ind1=" " ind2="7" tag="655"><subfield code="a">Newspapers.</subfield><subfield code="2">fast</subfield><subfield code="0">(OCoLC)fst01423814</subfield></datafield><datafield ind1=" " ind2="7" tag="651"><subfield code="a">Minnesota</subfield><subfield code="z">Renville.</subfield><subfield code="2">fast</subfield><subfield code="0">(OCoLC)fst01249525</subfield></datafield><datafield ind1=" " ind2=" " tag="752"><subfield code="a">United States</subfield><subfield code="b">Minnesota</subfield><subfield code="c">Renville</subfield><subfield code="d">Renville.</subfield></datafield><datafield ind1="0" ind2="7" tag="785"><subfield code="t">Renville farmer</subfield></datafield><datafield ind1="0" ind2="7" tag="785"><subfield code="t">Renville star-farmer</subfield><subfield code="w">(DLC)sn 89064746</subfield></datafield></record>